<?xml version="1.0" encoding="UTF-8" ?><marc:collection xmlns:marc="http://www.loc.gov/MARC21/slim" xmlns:xsi="http://www.w3.org/2001/XMLSchema-instance" xsi:schemaLocation="http://www.loc.gov/MARC21/slim http://www.loc.gov/standards/marcxml/schema/MARC21slim.xsd">
<marc:record><marc:leader>01178cpm a2200229Ia 4500</marc:leader>
<marc:controlfield tag="001">001681014</marc:controlfield>
<marc:controlfield tag="003">OCoLC</marc:controlfield><marc:controlfield tag="005">20121025163332.0</marc:controlfield><marc:controlfield tag="008">950216q18111843xxu                 eng d</marc:controlfield><marc:datafield tag="035" ind1=" " ind2=" "><marc:subfield code="a">32004219</marc:subfield></marc:datafield><marc:datafield tag="040" ind1=" " ind2=" "><marc:subfield code="a">NDK</marc:subfield><marc:subfield code="c">NDK</marc:subfield></marc:datafield><marc:datafield tag="049" ind1=" " ind2=" "><marc:subfield code="a">NDNX</marc:subfield></marc:datafield><marc:datafield tag="096" ind1=" " ind2=" "><marc:subfield code="a">x</marc:subfield></marc:datafield><marc:datafield tag="100" ind1="1" ind2=" "><marc:subfield code="a">North, Elisha,</marc:subfield><marc:subfield code="d">1771-1843.</marc:subfield></marc:datafield><marc:datafield tag="245" ind1="1" ind2="0"><marc:subfield code="a">Manuscript,</marc:subfield><marc:subfield code="f">[not before 1811].</marc:subfield></marc:datafield><marc:datafield tag="300" ind1=" " ind2=" "><marc:subfield code="a">1</marc:subfield><marc:subfield code="f">item (2 p.)</marc:subfield></marc:datafield><marc:datafield tag="545" ind1=" " ind2=" "><marc:subfield code="a">U. S. physician.</marc:subfield></marc:datafield><marc:datafield tag="520" ind1="8" ind2=" "><marc:subfield code="a">Manuscript pages from a proposed, but never published second and revised edition of North's book, &quot;A treatise on a malignant epidemic, commonly called spotted fever&quot;. Available are photographs of the title page of North's own copy of the book, which bears marginal notes in his hand. Reader is referred to the article by Pleadwell, &quot;A new view of Elisha North ... &quot;, in Annals of medical history, 6 (1924). The manuscript and North's copy form the basis of this essay.</marc:subfield></marc:datafield><marc:datafield tag="500" ind1=" " ind2=" "><marc:subfield code="a">Forms part of the Trent Manuscripts Collection.</marc:subfield></marc:datafield><marc:datafield tag="600" ind1="1" ind2="2"><marc:subfield code="a">North, Elisha,</marc:subfield><marc:subfield code="d">1771-1843.</marc:subfield><marc:subfield code="t">Treatise on a malignant epidemic, commonly called spotted fever.</marc:subfield></marc:datafield><marc:datafield tag="710" ind1="2" ind2=" "><marc:subfield code="a">History of Medicine Collections (Duke University)</marc:subfield></marc:datafield><marc:datafield tag="700" ind1="1" ind2=" "><marc:subfield code="a">Pleadwell, F. L.</marc:subfield><marc:subfield code="q">(Frank Lester),</marc:subfield><marc:subfield code="d">1872-1957.</marc:subfield></marc:datafield></marc:record>
</marc:collection>
